<?xml version="1.0" encoding="UTF-8" ?>
<Document xmlns="urn:iso:std:iso:20022:tech:xsd:pain.001.001.12">
    <CstmrCdtTrfInitn>
        <GrpHdr>
            <MsgId>S-BU-001</MsgId>
            <CreDtTm>2024-05-04T12:38:00</CreDtTm>
            <NbOfTxs>1</NbOfTxs>
            <CtrlSum>1000.00</CtrlSum>
            <InitgPty>
                <Nm>Alice</Nm>
            </InitgPty>
        </GrpHdr>
        <PmtInf>
            <PmtInfId>X-BA-PAY001</PmtInfId>
            <PmtMtd>TRF</PmtMtd>
            <NbOfTxs>1</NbOfTxs>
            <CtrlSum>1000.00</CtrlSum>
            <PmtTpInf>
                <SvcLvl>
                    <Cd>NORM</Cd>
                </SvcLvl>
            </PmtTpInf>
            <ReqdExctnDt>
                <DtTm>2024-05-04T14:00:00</DtTm>
            </ReqdExctnDt>
            <Dbtr>
                <Nm>Alice</Nm>
            </Dbtr>
            <DbtrAcct>
                <Id>
                    <IBAN>US33XXX1234567890123456789012</IBAN>
                </Id>
            </DbtrAcct>
            <DbtrAgt>
                <FinInstnId>
                    <BICFI>BANKUS22</BICFI>
                </FinInstnId>
            </DbtrAgt>            
            <CdtTrfTxInf>
                <PmtId>
                    <EndToEndId>abc123</EndToEndId>
                </PmtId>
                <Amt>
                    <InstdAmt Ccy="USD">1000.00</InstdAmt>
                </Amt>
                <CdtrAgt>
                    <FinInstnId>
                        <BICFI>BANKEU11</BICFI>
                    </FinInstnId>
                </CdtrAgt>
                <CdtrAcct>
                    <Id>
                        <IBAN>DE89370400440532013000</IBAN>
                    </Id>
                </CdtrAcct>
            </CdtTrfTxInf>
        </PmtInf>
    </CstmrCdtTrfInitn>
</Document>